<record><leader>00000cas a2200000 a 4500</leader><controlfield tag="001">47578081</controlfield><controlfield tag="008">010720u1939uuuunyuwr ne      0    0eng c</controlfield><datafield ind1=" " ind2=" " tag="010"><subfield code="a">sn2001062067</subfield></datafield><datafield ind1=" " ind2=" " tag="040"><subfield code="a">NYS</subfield><subfield code="b">eng</subfield><subfield code="c">NYS</subfield><subfield code="d">OCLCQ</subfield><subfield code="d">OCLCF</subfield><subfield code="d">OCLCO</subfield></datafield><datafield ind1="1" ind2=" " tag="029"><subfield code="a">AU@</subfield><subfield code="b">000022850363</subfield></datafield><datafield ind1=" " ind2=" " tag="042"><subfield code="a">pcc</subfield></datafield><datafield ind1=" " ind2=" " tag="043"><subfield code="a">n-us-ny</subfield></datafield><datafield ind1="0" ind2="4" tag="245"><subfield code="a">The Fair-View news.</subfield></datafield><datafield ind1="3" ind2=" " tag="246"><subfield code="a">Fairview news</subfield></datafield><datafield ind1=" " ind2=" " tag="260"><subfield code="a">White Plains, West, N.Y. :</subfield><subfield code="b">Westco Pub. &amp; Print. Co.</subfield></datafield><datafield ind1=" " ind2=" " tag="300"><subfield code="a">v. :</subfield><subfield code="b">ill. ;</subfield><subfield code="c">55 cm.</subfield></datafield><datafield ind1=" " ind2=" " tag="310"><subfield code="a">Weekly</subfield></datafield><datafield ind1="1" ind2=" " tag="362"><subfield code="a">Began in 1939?</subfield></datafield><datafield ind1=" " ind2=" " tag="500"><subfield code="a">"A weekly newspaper serving the following communities: Fairview, Fulton Park, Six Acres, River Park, Parkway Homes, Parkway Gardens, Mayfair Acres, White Plains, West, Orchard Hill, Hartsdale Lawns, Hartsdale Manor, Elmsford, Worthington, Greenville.</subfield></datafield><datafield ind1=" " ind2=" " tag="588"><subfield code="a">Description based on: Vol. 3, no. 27 (July 4, 1941).</subfield></datafield><datafield ind1=" " ind2=" " tag="588"><subfield code="a">Latest issue consulted: Vol. 21, no. 41 (Oct. 7, 1960).</subfield></datafield><datafield ind1=" " ind2="0" tag="651"><subfield code="a">White Plains (N.Y.)</subfield><subfield code="v">Newspapers.</subfield></datafield><datafield ind1=" " ind2="0" tag="651"><subfield code="a">Greenburgh (N.Y. : Town)</subfield><subfield code="v">Newspapers.</subfield></datafield><datafield ind1=" " ind2="0" tag="651"><subfield code="a">Westchester County (N.Y.)</subfield><subfield code="v">Newspapers.</subfield></datafield><datafield ind1=" " ind2="7" tag="655"><subfield code="a">Newspapers.</subfield><subfield code="2">fast</subfield><subfield code="0">(OCoLC)fst01423814</subfield></datafield><datafield ind1=" " ind2="7" tag="651"><subfield code="a">New York (State)</subfield><subfield code="z">Greenburgh (Town)</subfield><subfield code="2">fast</subfield><subfield code="0">(OCoLC)fst01334573</subfield></datafield><datafield ind1=" " ind2="7" tag="651"><subfield code="a">New York (State)</subfield><subfield code="z">Westchester County.</subfield><subfield code="2">fast</subfield><subfield code="0">(OCoLC)fst01202684</subfield></datafield><datafield ind1=" " ind2="7" tag="651"><subfield code="a">New York (State)</subfield><subfield code="z">White Plains.</subfield><subfield code="2">fast</subfield><subfield code="0">(OCoLC)fst01212009</subfield></datafield><datafield ind1=" " ind2=" " tag="752"><subfield code="a">United States</subfield><subfield code="b">New York</subfield><subfield code="c">Westchester</subfield><subfield code="d">White Plains.</subfield></datafield></record>